% This file was created with JabRef 2.7b.
% Encoding: UTF-8

@INPROCEEDINGS{alachiotis12,
  author = {Alachiotis, Nikolaos and Berger, Simon A. and Stamatakis, Alexandros},
  title = {A {V}ersatile {UDP/IP} based {PC-FPGA} {C}ommunication {P}latform},
  booktitle = {ReConFig 2012},
  year = {2012},
  owner = {thomas},
  timestamp = {2013.01.16}
}

@INPROCEEDINGS{alachiotis10,
  author = {Alachiotis, Nikolaos and Berger, Simon A. and Stamatakis, Alexandros},
  title = {Efficient {PC-FPGA} {C}ommunication over {G}igabit {E}thernet},
  booktitle = {Proceedings of the 2010 10th IEEE International Conference on Computer
	and Information Technology},
  year = {2010},
  series = {CIT '10},
  pages = {1727--1734},
  address = {Washington, DC, USA},
  publisher = {IEEE Computer Society},
  acmid = {1901492},
  doi = {10.1109/CIT.2010.302},
  isbn = {978-0-7695-4108-2},
  keywords = {FPGA, Gigabit Ethernet, UDP/IP, PC-FPGA communication},
  numpages = {8},
  url = {http://dx.doi.org/10.1109/CIT.2010.302}
}

@MASTERSTHESIS{fischer12,
  author = {Thomas Fischer},
  title = {Data Binding for Schemata with Integrity Constraints and Atomic Procedures
	- A Generative Approach for Object-Oriented Languages},
  school = {University of Kaiserslautern},
  year = {2012},
  owner = {thomas},
  timestamp = {2012.12.17}
}

@INPROCEEDINGS{lofgren05,
  author = {Lofgren, A. and Lodesten, L. and Sjoholm, S. and Hansson, H.},
  title = {An {A}nalysis of {FPGA}-based {UDP/IP} {S}tack {P}arallelism for
	{E}mbedded {E}thernet {C}onnectivity},
  booktitle = {NORCHIP Conference, 2005. 23rd},
  year = {2005},
  pages = { 94 - 97},
  month = {November},
  doi = {10.1109/NORCHP.2005.1596997},
  keywords = {Access protocols;Computer science;Embedded system;Ethernet networks;Field
	programmable gate arrays;Hardware;IP networks;Local area networks;Parallel
	processing;TCPIP; embedded systems; field programmable gate arrays;
	local area networks; logic design; transport protocols; FPGA-based
	UDP/IP stack parallelism; Internet protocol; compact embedded network
	systems; embedded Ethernet connectivity; user data protocol;}
}

@TECHREPORT{michel06,
  author = {Patrick Michel},
  title = {Redesign and Enhancement of the Katja System},
  institution = {University of Kaiserslautern},
  year = {2006},
  number = {354/06},
  month = {October},
  owner = {thomas},
  timestamp = {2012.12.18}
}

@TECHREPORT{michel05,
  author = {Patrick Michel},
  title = {Adding Position Structures to Katja},
  institution = {University of Kaiserslautern},
  year = {2005},
  number = {353/06},
  month = {June},
  owner = {thomas},
  timestamp = {2012.12.18}
}

@TECHREPORT{schaefer04,
  author = {Jan Sch√§fer},
  title = {Generating Order-Sorted Data Types in Java},
  institution = {University of Kaiserslautern},
  year = {2004},
  month = {February},
  owner = {thomas},
  timestamp = {2012.12.18}
}

@TECHREPORT{szewinski05,
  author = {Jaroslaw Szewinski AND Pawel Kaleta AND Przemyslaw Fafara AND Piotr
	Pucyk AND Waldemar Koprek AND Krzysztof Pozniak AND Ryszard Romaniuk},
  title = {Software for development and communication with FPGA based hardware},
  institution = {Institute of Electronic Systems, Warsaw University of Technology,
	Poland},
  year = {2005},
  owner = {thomas},
  timestamp = {2013.01.16}
}

@TECHREPORT{xil12,
  author = {Xilinx},
  title = {Logi{CORE} {IP} {AXI} {E}thernet {L}ite {MAC} (v1.01.b)},
  institution = {Xilinx},
  year = {2012},
  month = {July},
  owner = {thomas},
  timestamp = {2013.02.08}
}

@comment{jabref-meta: selector_review:}

@comment{jabref-meta: selector_publisher:}

@comment{jabref-meta: selector_author:}

@comment{jabref-meta: selector_journal:}

@comment{jabref-meta: selector_keywords:}

